[{"year" : 2025, "quarter" : 4, "quarterLabel" : "Q4 2025", "orders" : 69, "revenue" : 71650181.91, "customers" : 69, "qoqGrowth" : -98.71, "yoyGrowth" : -98.70}, {"year" : 2025, "quarter" : 3, "quarterLabel" : "Q3 2025", "orders" : 5438, "revenue" : 5567536760.37, "customers" : 5172, "qoqGrowth" : 0.90, "yoyGrowth" : 3.40}, {"year" : 2025, "quarter" : 2, "quarterLabel" : "Q2 2025", "orders" : 5385, "revenue" : 5517955199.63, "customers" : 5084, "qoqGrowth" : 4.79, "yoyGrowth" : 5.64}, {"year" : 2025, "quarter" : 1, "quarterLabel" : "Q1 2025", "orders" : 5259, "revenue" : 5265617617.77, "customers" : 4990, "qoqGrowth" : -4.12, "yoyGrowth" : -2.47}, {"year" : 2024, "quarter" : 4, "quarterLabel" : "Q4 2024", "orders" : 5414, "revenue" : 5491710603.08, "customers" : 5139, "qoqGrowth" : 2.00, "yoyGrowth" : null}, {"year" : 2024, "quarter" : 3, "quarterLabel" : "Q3 2024", "orders" : 5421, "revenue" : 5384265699.32, "customers" : 5120, "qoqGrowth" : 3.08, "yoyGrowth" : null}, {"year" : 2024, "quarter" : 2, "quarterLabel" : "Q2 2024", "orders" : 5230, "revenue" : 5223509042.30, "customers" : 4970, "qoqGrowth" : -3.25, "yoyGrowth" : null}, {"year" : 2024, "quarter" : 1, "quarterLabel" : "Q1 2024", "orders" : 5439, "revenue" : 5398795349.79, "customers" : 5170, "qoqGrowth" : null, "yoyGrowth" : null}]
